<record><leader>00000cas a22000007a 4500</leader><controlfield tag="001">13290213</controlfield><controlfield tag="008">860313d184u19uualusr ne      0   a0eng d</controlfield><datafield ind1=" " ind2=" " tag="010"><subfield code="a">sn 86050096 </subfield></datafield><datafield ind1=" " ind2=" " tag="040"><subfield code="a">AAR</subfield><subfield code="b">eng</subfield><subfield code="c">AAR</subfield><subfield code="d">CPN</subfield><subfield code="d">NVJ</subfield><subfield code="d">GUA</subfield><subfield code="d">FUG</subfield><subfield code="d">NVK</subfield><subfield code="d">OCL</subfield><subfield code="d">NSD</subfield><subfield code="d">OCLCQ</subfield><subfield code="d">OCLCO</subfield></datafield><datafield ind1="1" ind2=" " tag="029"><subfield code="a">AU@</subfield><subfield code="b">000020127379</subfield></datafield><datafield ind1=" " ind2=" " tag="042"><subfield code="a">msc</subfield></datafield><datafield ind1=" " ind2=" " tag="043"><subfield code="a">n-us-al</subfield><subfield code="a">n-us-ga</subfield></datafield><datafield ind1="0" ind2=" " tag="130"><subfield code="a">Universalist herald (1853)</subfield></datafield><datafield ind1="1" ind2="4" tag="245"><subfield code="a">The Universalist herald.</subfield></datafield><datafield ind1="3" ind2="0" tag="246"><subfield code="a">Universalist herald and Southern progressionist</subfield></datafield><datafield ind1="1" ind2="7" tag="246"><subfield code="a">Herald</subfield></datafield><datafield ind1=" " ind2=" " tag="260"><subfield code="a">Notasulga, Ala. :</subfield><subfield code="b">John C. Burress</subfield></datafield><datafield ind1=" " ind2=" " tag="300"><subfield code="a">v. ;</subfield><subfield code="c">54-60 cm.</subfield></datafield><datafield ind1=" " ind2=" " tag="310"><subfield code="a">Semimonthly,</subfield><subfield code="b">&lt;1867&gt;-</subfield></datafield><datafield ind1=" " ind2=" " tag="321"><subfield code="a">Weekly,</subfield><subfield code="b">&lt;1851-1861&gt;</subfield></datafield><datafield ind1="1" ind2=" " tag="362"><subfield code="a">Began in Jan. 1850?</subfield></datafield><datafield ind1=" " ind2=" " tag="500"><subfield code="a">Published as: Universalist herald and Southern progressionist, Sept. 2, 1859-Feb. 24, 1860.</subfield></datafield><datafield ind1=" " ind2=" " tag="500"><subfield code="a">Published in Montgomery, Ala., 1859-1861; Notsaluga, Ala. &lt;Mar. 1, 1867&gt;- ; Canon City, Ga., &lt;Mar. 6, 1909&gt;-</subfield></datafield><datafield ind1=" " ind2=" " tag="500"><subfield code="a">"Devoted to religion and general news."</subfield></datafield><datafield ind1=" " ind2=" " tag="515"><subfield code="a">Suspended in 1861; re-established in Notasulga, Ala. on Mar. 1, 1867.</subfield></datafield><datafield ind1=" " ind2=" " tag="515"><subfield code="a">Also called: New ser. Vol. 1, no. 3 (Apr. 1, 1867)-v. 7, no. 17 (Dec. 15, 1873).</subfield></datafield><datafield ind1=" " ind2=" " tag="550"><subfield code="a">Official organ of the Universalist Church. Cf. Ellison, R.C. Hist. and bibl. of Ala. newspapers in the nineteenth century.</subfield></datafield><datafield ind1=" " ind2=" " tag="588"><subfield code="a">Description based on: Vol. 5, no. 43 (Oct. 24, 1853).</subfield></datafield><datafield ind1=" " ind2="0" tag="650"><subfield code="a">Universalists</subfield><subfield code="v">Newspapers.</subfield></datafield><datafield ind1=" " ind2="0" tag="650"><subfield code="a">Universalist churches</subfield><subfield code="v">Newspapers.</subfield></datafield><datafield ind1=" " ind2="0" tag="651"><subfield code="a">Notasulga (Ala.)</subfield><subfield code="v">Newspapers.</subfield></datafield><datafield ind1=" " ind2="0" tag="651"><subfield code="a">Macon County (Ala.)</subfield><subfield code="v">Newspapers.</subfield></datafield><datafield ind1=" " ind2="0" tag="651"><subfield code="a">Montgomery (Ala.)</subfield><subfield code="v">Newspapers.</subfield></datafield><datafield ind1=" " ind2="0" tag="651"><subfield code="a">Montgomery County (Ala.)</subfield><subfield code="v">Newspapers.</subfield></datafield><datafield ind1=" " ind2="0" tag="651"><subfield code="a">Canon City (Ga.)</subfield><subfield code="v">Newspapers.</subfield></datafield><datafield ind1=" " ind2=" " tag="752"><subfield code="a">United States</subfield><subfield code="b">Alabama</subfield><subfield code="c">Macon</subfield><subfield code="d">Notasulga.</subfield></datafield><datafield ind1=" " ind2=" " tag="752"><subfield code="a">United States</subfield><subfield code="b">Alabama</subfield><subfield code="c">Montgomery</subfield><subfield code="d">Montgomery.</subfield></datafield><datafield ind1=" " ind2=" " tag="752"><subfield code="a">United States</subfield><subfield code="b">Georgia</subfield><subfield code="c">Franklin</subfield><subfield code="d">Canon City.</subfield></datafield><datafield ind1=" " ind2=" " tag="752"><subfield code="a">United States</subfield><subfield code="b">Georgia</subfield><subfield code="c">Hart</subfield><subfield code="d">Canon City.</subfield></datafield><datafield ind1="0" ind2="0" tag="780"><subfield code="a">Religious reformer</subfield></datafield><datafield ind1="0" ind2="0" tag="785"><subfield code="t">Universalist herald (1963)</subfield><subfield code="x">1933-6691</subfield><subfield code="w">(DLC)sn 95029777</subfield><subfield code="w">(OCoLC)32786272</subfield></datafield></record>